<?xml version="1.0" encoding="UTF-8"?><record xmlns="http://www.loc.gov/MARC21/slim" xmlns:cinclude="http://apache.org/cocoon/include/1.0" xmlns:zs="http://www.loc.gov/zing/srw/">
  <leader>01085cz  a2200277n  4500</leader>
  <controlfield tag="001">n  50031922 </controlfield>
  <controlfield tag="003">DLC</controlfield>
  <controlfield tag="005">20140912073713.0</controlfield>
  <controlfield tag="008">800624n| azannaabn          |a aaa      </controlfield>
  <datafield tag="010" ind1=" " ind2=" ">
    <subfield code="a">n  50031922 </subfield>
  </datafield>
  <datafield tag="035" ind1=" " ind2=" ">
    <subfield code="a">(OCoLC)oca00067278</subfield>
  </datafield>
  <datafield tag="040" ind1=" " ind2=" ">
    <subfield code="a">DLC</subfield>
    <subfield code="b">eng</subfield>
    <subfield code="e">rda</subfield>
    <subfield code="c">DLC</subfield>
    <subfield code="d">DLC</subfield>
    <subfield code="d">OCoLC</subfield>
    <subfield code="d">ScU</subfield>
    <subfield code="d">UPB</subfield>
  </datafield>
  <datafield tag="046" ind1=" " ind2=" ">
    <subfield code="f">19000123</subfield>
    <subfield code="g">1979</subfield>
  </datafield>
  <datafield tag="100" ind1="1" ind2=" ">
    <subfield code="a">Comas, Juan,</subfield>
    <subfield code="d">1900-1979</subfield>
  </datafield>
  <datafield tag="370" ind1=" " ind2=" ">
    <subfield code="a">Alayor (Spain)</subfield>
    <subfield code="2">naf</subfield>
  </datafield>
  <datafield tag="370" ind1=" " ind2=" ">
    <subfield code="e">Mexico</subfield>
    <subfield code="2">naf</subfield>
    <subfield code="s">1940</subfield>
  </datafield>
  <datafield tag="375" ind1=" " ind2=" ">
    <subfield code="a">male</subfield>
  </datafield>
  <datafield tag="377" ind1=" " ind2=" ">
    <subfield code="a">spa</subfield>
  </datafield>
  <datafield tag="400" ind1="1" ind2=" ">
    <subfield code="a">Comas Camps, Juan,</subfield>
    <subfield code="d">1900-1979</subfield>
  </datafield>
  <datafield tag="400" ind1="1" ind2=" ">
    <subfield code="a">Camps, Juan Comas,</subfield>
    <subfield code="d">1900-1979</subfield>
  </datafield>
  <datafield tag="400" ind1="1" ind2=" ">
    <subfield code="a">Comas, Joan,</subfield>
    <subfield code="d">1900-1979</subfield>
  </datafield>
  <datafield tag="400" ind1="1" ind2=" ">
    <subfield code="a">Comas i Camps, Joan,</subfield>
    <subfield code="d">1900-1979</subfield>
  </datafield>
  <datafield tag="400" ind1="1" ind2=" ">
    <subfield code="a">Camps, Joan Comas i,</subfield>
    <subfield code="d">1900-1979</subfield>
  </datafield>
  <datafield tag="670" ind1=" " ind2=" ">
    <subfield code="a">His Huguenin, E. La coeducacio휍혖n de sexos ... 1932.</subfield>
  </datafield>
  <datafield tag="670" ind1=" " ind2=" ">
    <subfield code="a">In Memoriam, Juan Comas Camps ... 1980:</subfield>
    <subfield code="b">t.p. (Juan Comas Camps, 1900-1979) p. 47, etc. (b. 1/23/1900 in Alayor, Baleares; became Mexican citizen 8/20/1940; complete bibliog. of works in Curriculum vitae)</subfield>
  </datafield>
  <datafield tag="670" ind1=" " ind2=" ">
    <subfield code="a">Oliver Jaume, J. Joan Comas i la poli휍혖tica ... 1985:</subfield>
    <subfield code="b">p. 19 (Joan Comas i Camps) p. 4 (1900-1979)</subfield>
  </datafield>
</record>